% This file was created with JabRef 2.9.2.
% Encoding: Cp1252

@ARTICLE{Aji,
  author = {Aji Hanggoro, Mahesa Adhitya Putra, Rizki Reynaldo and Riri Fitri
	Sari},
  title = {Green House Monitoring and Controlling Using Android Mobile Application},
  journal = {Quality in Research 2013},
  year = {2013}
}

@ARTICLE{Chavan,
  author = {Prof C. H. Chavan and Mr.P. V.Karande},
  title = {Wireless Monitoring of Soil Moisture, Temperature \& Humidity Using
	Zigbee in Agriculture},
  journal = {International Journal of Engineering Trends and Technology (IJETT)},
  year = {2014}
}

@BOOK{Sysande,
  title = {System Analysis and Design},
  publisher = {Down Fowley},
  year = {2014},
  editor = {Beth Golub},
  author = {Allan Dennis},
  owner = {Noel Paulino},
  timestamp = {2016.08.19}
}

@ARTICLE{Folea,
  author = {Silviu C. Folea and George Mois},
  title = {A Low-Power Wireless Sensor for Online Ambient Monitoring},
  journal = {IEEE SENSORS JOURNAL},
  year = {2015}
}

@INPROCEEDINGS{Hebbar,
  author = {S. Hebbar and Karuppasamy V and Kiran G K and A. Kumar and A. S.
	Ashwini Kumari and R. Yasasvi and A. K. Gupta and V. Mishra and B.
	Amrutur and N. Bhat},
  title = {System engineering and deployment of envirobat An urban air pollution
	monitoring device},
  booktitle = {Electronics, Computing and Communication Technologies (IEEE CONECCT),
	2014 IEEE International Conference on},
  year = {2014},
  pages = {1-6},
  month = {Jan},
  doi = {10.1109/CONECCT.2014.6740321},
  keywords = {air pollution measurement;cellular radio;gas sensors;Envirobat;GPRS;GSM
	module;calibration;gas sensors;indoor sensing;outdoor sensing;portable
	urban air pollution monitoring device;system engineering;Environmentally
	friendly manufacturing techniques;GSM;Global Positioning System;Metals;Pollution;Pollution
	measurement;RNA;air pollution monitoring device;solid state gas sensors;wireless
	communication}
}

@ARTICLE{Hu,
  author = {K. Hu and V. Sivaraman and B. G. Luxan and A. Rahman},
  title = {Design and Evaluation of a Metropolitan Air Pollution Sensing System},
  journal = {IEEE Sensors Journal},
  year = {2016},
  volume = {16},
  pages = {1448-1459},
  number = {5},
  month = {March},
  doi = {10.1109/JSEN.2015.2499308},
  issn = {1530-437X},
  keywords = {air pollution measurement;cloud computing;computerised instrumentation;portable
	instruments;sensors;smart phones;wireless sensor networks;HazeWatch
	participatory sensing system;Web-based tool;cloud computing;medical
	inference;metropolitan air pollution sensing system;mobile app;multiple
	hardware device;portable mobile sensor unit;smartphone;urban air
	pollution data collection;urban air pollution monitoring;Air pollution;Calibration;Mobile
	communication;Monitoring;Pollution measurement;Sensor systems;Wireless
	sensor networks;air pollution;mobile applications;participatory sensing}
}

@ARTICLE{Mohamed,
  author = {Mohamed Abd El-Latif Mowad, Ahmed Fathy, Ahmed Hafez},
  title = {Smart Home Automated Control System Using Android Application and
	Microcontroller},
  journal = {International Journal of Scientific \& Engineering Research},
  year = {2014}
}

@ARTICLE{Sun,
  author = {Sun-Kuk Noh and Kuk-Se Kim and Yoo-Kang Ji},
  title = {Design of a Room Monitoring System for Wireless Sensor Networks},
  journal = {International Journal of Distributed Sensor Networks},
  year = {2013}
}

@ARTICLE{Discomfort,
  author = {Anastasia Poupkou},
  title = {Climatology of Discomfort Index and Air Quality Index in a Large
	Urban Mediterranean Agglomeration},
  journal = {Water, Air, \& Soil Pollution},
  year = {2011},
  volume = {222},
  pages = {163-183},
  owner = {Noel Paulino},
  timestamp = {2016.08.19}
}

@INPROCEEDINGS{Reilly,
  author = {K. M. Reilly and M. T. Birner and N. G. Johnson},
  title = {Measuring air quality using wireless self-powered devices},
  booktitle = {Global Humanitarian Technology Conference (GHTC), 2015 IEEE},
  year = {2015},
  pages = {267-272},
  month = {Oct},
  doi = {10.1109/GHTC.2015.7343983},
  keywords = {air pollution;air quality;atmospheric composition;combustion;protocols;wireless
	LAN;CO;Wi-Fi network;air pollution;air quality;anthropogenic factors;carbon
	monoxide concentrations;combustion;electricity generation;;high-fidelity
	emissions;off-grid;ozone;solar PV-battery system;wireless data communication
	protocols;wireless self-powered devices;Air quality;Wireless communication}
}

@INPROCEEDINGS{Wong,
  author = {C. J. Wong and M. Z. MatJafri and K. Abdullah and H. S. Lim and K.
	L. Low},
  title = {Temporal air quality monitoring using surveillance camera},
  booktitle = {2007 IEEE International Geoscience and Remote Sensing Symposium},
  year = {2007},
  pages = {2864-2868},
  month = {July},
  doi = {10.1109/IGARSS.2007.4423441},
  issn = {2153-6996},
  keywords = {CCD image sensors;Visual BASIC;aerosols;air pollution;atmospheric
	composition;atmospheric radiation;atmospheric techniques;geophysics
	computing;image coding;local area networks;surveillance;Charge-Couple-Device;Digital
	Numbers;DustTrak meter;Microsoft Visual Basic 6.0;PM10 concentration;School
	of Physics;air pollution monitoring device;air pollution warning;alert
	system;atmospheric reflectance;human health effects;image compression;image
	data transfer;image digitization;internet protocol network;regression
	method;spectroradiometer;standard computer networks;state-of-art
	reliable technique;sun radiation;surveillance camera;temporal air
	quality monitoring;wireless technology;Air pollution;Atmospheric
	measurements;Cameras;Cardiac disease;Humans;IP networks;Monitoring;Pollution
	measurement;Reflectivity;Surveillance}
}

@MISC{Calculator,
  title = {Discomfort Index Calculator},
  url = {http://keisan.casio.com/exec/system/1351058230}
}

